[gd_scene load_steps=11 format=2]

[ext_resource path="res://entities/CaptainPennyPinch/captain-pennypinch.png" type="Texture" id=1]
[ext_resource path="res://entities/CaptainPennyPinch/CaptainPennyPinch.gd" type="Script" id=2]

[sub_resource type="Animation" id=7]
resource_name = "HammerLeft"
length = 0.6
tracks/0/type = "value"
tracks/0/path = NodePath("Sprite:frame")
tracks/0/interp = 1
tracks/0/loop_wrap = true
tracks/0/imported = false
tracks/0/enabled = true
tracks/0/keys = {
"times": PoolRealArray( 0, 0.1, 0.2, 0.3, 0.4, 0.5 ),
"transitions": PoolRealArray( 1, 1, 1, 1, 1, 1 ),
"update": 1,
"values": [ 6, 7, 6, 7, 6, 7 ]
}
tracks/1/type = "value"
tracks/1/path = NodePath("Sprite:flip_h")
tracks/1/interp = 1
tracks/1/loop_wrap = true
tracks/1/imported = false
tracks/1/enabled = true
tracks/1/keys = {
"times": PoolRealArray( 0 ),
"transitions": PoolRealArray( 1 ),
"update": 1,
"values": [ true ]
}

[sub_resource type="Animation" id=6]
resource_name = "HammerRight"
length = 0.6
tracks/0/type = "value"
tracks/0/path = NodePath("Sprite:frame")
tracks/0/interp = 1
tracks/0/loop_wrap = true
tracks/0/imported = false
tracks/0/enabled = true
tracks/0/keys = {
"times": PoolRealArray( 0, 0.1, 0.2, 0.3, 0.4, 0.5 ),
"transitions": PoolRealArray( 1, 1, 1, 1, 1, 1 ),
"update": 1,
"values": [ 6, 7, 6, 7, 6, 7 ]
}
tracks/1/type = "value"
tracks/1/path = NodePath("Sprite:flip_h")
tracks/1/interp = 1
tracks/1/loop_wrap = true
tracks/1/imported = false
tracks/1/enabled = true
tracks/1/keys = {
"times": PoolRealArray( 0 ),
"transitions": PoolRealArray( 1 ),
"update": 1,
"values": [ false ]
}

[sub_resource type="Animation" id=3]
resource_name = "IdleLeft"
loop = true
tracks/0/type = "value"
tracks/0/path = NodePath("Sprite:frame")
tracks/0/interp = 1
tracks/0/loop_wrap = true
tracks/0/imported = false
tracks/0/enabled = true
tracks/0/keys = {
"times": PoolRealArray( 0, 0.5 ),
"transitions": PoolRealArray( 1, 1 ),
"update": 1,
"values": [ 0, 1 ]
}
tracks/1/type = "value"
tracks/1/path = NodePath("Sprite:flip_h")
tracks/1/interp = 1
tracks/1/loop_wrap = true
tracks/1/imported = false
tracks/1/enabled = true
tracks/1/keys = {
"times": PoolRealArray( 0 ),
"transitions": PoolRealArray( 1 ),
"update": 1,
"values": [ true ]
}

[sub_resource type="Animation" id=1]
resource_name = "IdleRight"
loop = true
tracks/0/type = "value"
tracks/0/path = NodePath("Sprite:frame")
tracks/0/interp = 1
tracks/0/loop_wrap = true
tracks/0/imported = false
tracks/0/enabled = true
tracks/0/keys = {
"times": PoolRealArray( 0, 0.5 ),
"transitions": PoolRealArray( 1, 1 ),
"update": 1,
"values": [ 0, 1 ]
}
tracks/1/type = "value"
tracks/1/path = NodePath("Sprite:flip_h")
tracks/1/interp = 1
tracks/1/loop_wrap = true
tracks/1/imported = false
tracks/1/enabled = true
tracks/1/keys = {
"times": PoolRealArray( 0 ),
"transitions": PoolRealArray( 1 ),
"update": 1,
"values": [ false ]
}

[sub_resource type="Animation" id=5]
resource_name = "RunLeft"
length = 0.5
loop = true
step = 0.05
tracks/0/type = "value"
tracks/0/path = NodePath("Sprite:frame")
tracks/0/interp = 1
tracks/0/loop_wrap = true
tracks/0/imported = false
tracks/0/enabled = true
tracks/0/keys = {
"times": PoolRealArray( 0, 0.25 ),
"transitions": PoolRealArray( 1, 1 ),
"update": 1,
"values": [ 2, 3 ]
}
tracks/1/type = "value"
tracks/1/path = NodePath("Sprite:flip_h")
tracks/1/interp = 1
tracks/1/loop_wrap = true
tracks/1/imported = false
tracks/1/enabled = true
tracks/1/keys = {
"times": PoolRealArray( 0 ),
"transitions": PoolRealArray( 1 ),
"update": 1,
"values": [ true ]
}

[sub_resource type="Animation" id=4]
resource_name = "RunRight"
length = 0.5
loop = true
step = 0.05
tracks/0/type = "value"
tracks/0/path = NodePath("Sprite:frame")
tracks/0/interp = 1
tracks/0/loop_wrap = true
tracks/0/imported = false
tracks/0/enabled = true
tracks/0/keys = {
"times": PoolRealArray( 0, 0.25 ),
"transitions": PoolRealArray( 1, 1 ),
"update": 1,
"values": [ 3, 0 ]
}
tracks/1/type = "value"
tracks/1/path = NodePath("Sprite:flip_h")
tracks/1/interp = 1
tracks/1/loop_wrap = true
tracks/1/imported = false
tracks/1/enabled = true
tracks/1/keys = {
"times": PoolRealArray( 0 ),
"transitions": PoolRealArray( 1 ),
"update": 1,
"values": [ false ]
}

[sub_resource type="CapsuleShape2D" id=2]
radius = 3.0
height = 3.0

[sub_resource type="CircleShape2D" id=8]
radius = 4.12311

[node name="CaptainPennyPinch" type="KinematicBody2D"]
collision_mask = 2
script = ExtResource( 2 )

[node name="Sprite" type="Sprite" parent="."]
use_parent_material = true
texture = ExtResource( 1 )
hframes = 8
frame = 7

[node name="AnimationPlayer" type="AnimationPlayer" parent="."]
anims/HammerLeft = SubResource( 7 )
anims/HammerRight = SubResource( 6 )
anims/IdleLeft = SubResource( 3 )
anims/IdleRight = SubResource( 1 )
anims/RunLeft = SubResource( 5 )
anims/RunRight = SubResource( 4 )

[node name="CollisionShape2D" type="CollisionShape2D" parent="."]
shape = SubResource( 2 )

[node name="ReparationArea" type="Area2D" parent="."]
collision_layer = 0
collision_mask = 4

[node name="CollisionShape2D" type="CollisionShape2D" parent="ReparationArea"]
shape = SubResource( 8 )
